 
@Misc{ms5611,
  author     = {TE~Connectivity},
  title      = {{MS561101BA03}-50 : {MEAS} {Board} {Mount} {Pressure} {Sensors}},
  abstract   = {Get MS561101BA03-50 MEAS Board Mount Pressure Sensors specs, pricing, inventory availability, and more from TE Connectivity. Get a sample or request a quote.},
  journal    = {TE Connectivity},
  language   = {en-us},
  shorttitle = {{MS561101BA03}-50},
  url        = {https://www.te.com/en/product-MS561101BA03-50.html},
  urldate    = {2024-05-24},
}

 
@Misc{neo-6m,
  author   = {u-blox},
  month    = jun,
  title    = {{NEO}-6 series},
  year     = {2015},
  abstract = {Versatile u-blox 6 GPS modules},
  journal  = {u-blox},
  language = {en-US},
  url      = {https://www.u-blox.com/en/product/neo-6-series},
  urldate  = {2024-05-24},
}

 
@Misc{rtic,
  author    = {rtic-rs},
  month     = may,
  note      = {original-date: 2017-03-05T05:28:17Z},
  title     = {rtic-rs/rtic},
  year      = {2024},
  abstract  = {Real-Time Interrupt-driven Concurrency (RTIC) framework for ARM Cortex-M microcontrollers},
  copyright = {Apache-2.0},
  keywords  = {rust, arm, microcontroller, cortex-m, scheduler, concurrency, bare-metal, no-std},
  url       = {https://github.com/rtic-rs/rtic},
  urldate   = {2024-05-24},
}

 
@Misc{nalgebra,
  author    = {dimforge},
  month     = may,
  note      = {original-date: 2013-05-14T19:10:06Z},
  title     = {dimforge/nalgebra},
  year      = {2024},
  abstract  = {Linear algebra library for Rust.},
  copyright = {Apache-2.0},
  keywords  = {algebra, vector, matrix, linear-algebra},
  url       = {https://github.com/dimforge/nalgebra},
  urldate   = {2024-05-24},
}

 
@Misc{nema0183,
  author    = {Staroverov, Nikita},
  month     = jan,
  note      = {original-date: 2019-08-18T14:08:47Z},
  title     = {nsforth/nmea0183},
  year      = {2024},
  abstract  = {Rust NMEA 0183 parser. Targeting mostly embedded programming but not limited to. Do not relies on std and any external dependencies, core Rust only.},
  copyright = {BSD-3-Clause},
  keywords  = {rust, parser, embedded, nmea},
  url       = {https://github.com/nsforth/nmea0183},
  urldate   = {2024-05-24},
}

@Comment{jabref-meta: databaseType:bibtex;}
